@inproceedings{Achlioptas2018,
	title={Learning Representations and Generative Models for 3D Point Clouds},
	author={Panos Achlioptas and Olga Diamanti and Ioannis Mitliagkas and Leonidas J. Guibas},
	booktitle={ICML},
	year={2018}
}

@article{Bengio2013,
	title={Representation Learning: A Review and New Perspectives},
	author={Yoshua Bengio and Aaron C. Courville and Pascal Vincent},
	journal={IEEE Transactions on Pattern Analysis and Machine Intelligence},
	year={2013},
	volume={35},
	pages={1798{\textendash}1828}
}

@article{Biederman1987,
	author = {Irving Biederman},
	title = {Recognition-by-components: A theory of human image understanding},
	journal = {Psychological Review},
	year = {1987},
	volume = {94},
	pages = {115{\textendash}147}
}

@article{Fan2017,
	title={A Point Set Generation Network for 3D Object Reconstruction from a Single Image},
	author={Haoqiang Fan and Hao Su and Leonidas J. Guibas},
	journal={2017 IEEE Conference on Computer Vision and Pattern Recognition (CVPR)},
	year={2017},
	pages={2463{\textendash}2471}
}

@inproceedings{Groueix2018,
	author={Groueix, Thibault and Fisher, Matthew and Kim, Vladimir G. and Russell, Bryan C. and Aubry, Mathieu},
	booktitle={2018 IEEE/CVF Conference on Computer Vision and Pattern Recognition}, 
	title={A Papier-Mache Approach to Learning 3D Surface Generation}, 
	year={2018},
	volume={},
	number={},
	pages={216{\textendash}224},
	doi={10.1109/CVPR.2018.00030}
}

@article{Hanocka2019,
	title={MeshCNN: a network with an edge},
	author={Rana Hanocka and Amir Hertz and Noa Fish and Raja Giryes and Shachar Fleishman and Daniel Cohen-Or},
	journal={ACM Transactions on Graphics (TOG)},
	year={2019},
	volume={38},
	pages={1{\textendash}12}
}

@article{Hanocka2020,
	title={Point2Mesh},
	author={Rana Hanocka and Gal Metzer and Raja Giryes and Daniel Cohen-Or},
	journal={ACM Transactions on Graphics (TOG)},
	year={2020},
	volume={39},
	pages={126:1 - 126:12}
}

@inbook{Hughes2013,
	address = {Upper Saddle River, NJ},
	author = {Hughes, John F. and van Dam, Andries and McGuire, Morgan and Sklar, David F. and Foley, James D. and Feiner, Steven and Akeley, Kurt},
	biburl = {https://www.bibsonomy.org/bibtex/2782c8b454e7bfe36ae74024906f999fd/flint63},
	edition = 3,
	groups = {public},
	isbn = {978-0-321-39952-6},
	publisher = {Addison-Wesley},
	title = {Computer Graphics: Principles and Practice},
	year = 2013,
	pages = {557{\textendash}560}
}

@inproceedings{Kania2020,
	author = {Kania, Kacper and Zieba, Maciej and Kajdanowicz, Tomasz},
	booktitle = {Advances in Neural Information Processing Systems},
	editor = {H. Larochelle and M. Ranzato and R. Hadsell and M.F. Balcan and H. Lin},
	pages = {8776{\textendash}8786},
	publisher = {Curran Associates, Inc.},
	title = {UCSG-NET- Unsupervised Discovering of Constructive Solid Geometry Tree},
	volume = {33},
	year = {2020}
}

@article{Leberl2010,
	author = {Leberl, Franz and Irschara, A. and Pock, T. and Meixner, Philipp and Gruber, Michael and Scholz, Susanne and Wiechert, Alexander},
	year = {2010},
	month = {10},
	pages = {1123{\textendash}1134},
	title = {Point Clouds: Lidar versus 3D Vision},
	volume = {76},
	journal = {Photogrammetric Engineering and Remote Sensing},
	doi = {10.14358/PERS.76.10.1123}
}

@article{Micheletti2015,
	title={Investigating the geomorphological potential of freely available and accessible structure‐from‐motion photogrammetry using a smartphone},
	author={Natan Micheletti and Jim H. Chandler and Stuart N. Lane},
	journal={Earth Surface Processes and Landforms},
	year={2015},
	volume={40},
	pages={473{\textendash}486}
}

@InProceedings{Nash2020,
	title = 	 {{P}oly{G}en: An Autoregressive Generative Model of 3{D} Meshes},
	author =       {Nash, Charlie and Ganin, Yaroslav and Eslami, S. M. Ali and Battaglia, Peter},
	booktitle = 	 {Proceedings of the 37th International Conference on Machine Learning},
	pages = 	 {7220{\textendash}7229},
	year = 	 {2020},
	editor = 	 {III, Hal Daumé and Singh, Aarti},
	volume = 	 {119},
	series = 	 {Proceedings of Machine Learning Research},
	publisher =    {PMLR}
}


@article{Park2019,
	title={DeepSDF: Learning Continuous Signed Distance Functions for Shape Representation},
	author={Jeong Joon Park and Peter R. Florence and Julian Straub and Richard A. Newcombe and S. Lovegrove},
	journal={2019 IEEE/CVF Conference on Computer Vision and Pattern Recognition (CVPR)},
	year={2019},
	pages={165{\textendash}174}
}

@article{Qi2017,
	title={PointNet: Deep Learning on Point Sets for 3D Classification and Segmentation},
	author={C. Qi and Hao Su and Kaichun Mo and Leonidas J. Guibas},
	journal={2017 IEEE Conference on Computer Vision and Pattern Recognition (CVPR)},
	year={2017},
	pages={77{\textendash}85}
}

@misc{Quilez2013,
	title={Smooth Minimum}, url={https://iquilezles.org/articles/smin/},
	journal={Inigo Quilez},
	author={Quilez, Inigo},
	year={2013},
	note={Reprinted with permission.}
}

@article{Ren2021,
	title={CSG-Stump: A Learning Friendly CSG-Like Representation for Interpretable Shape Parsing},
	author={Daxuan Ren and Jianmin Zheng and Jianfei Cai and Jiatong Li and Haiyong Jiang and Zhongang Cai and Junzhe Zhang and Liang Pan and Mingyuan Zhang and Haiyu Zhao and Shuai Yi},
	journal={2021 IEEE/CVF International Conference on Computer Vision (ICCV)},
	year={2021},
	pages={12458{\textendash}12467}
}

@article{Sharma2018,
	title={CSGNet: Neural Shape Parser for Constructive Solid Geometry},
	author={Gopal Sharma and Rishabh Goyal and Difan Liu and Evangelos Kalogerakis and Subhransu Maji},
	journal={2018 IEEE/CVF Conference on Computer Vision and Pattern Recognition},
	year={2018},
	pages={5515{\textendash}5523}
}

@article{Verma2018,
	title={FeaStNet: Feature-Steered Graph Convolutions for 3D Shape Analysis},
	author={Nitika Verma and Edmond Boyer and Jakob Verbeek},
	journal={2018 IEEE/CVF Conference on Computer Vision and Pattern Recognition},
	year={2018},
	pages={2598{\textendash}2606}
}

@InProceedings{Wang2018,
	author={Groueix, Thibault and Fisher, Matthew and Kim, Vladimir G. and Russell, Bryan C. and Aubry, Mathieu},  
	booktitle={2018 IEEE/CVF Conference on Computer Vision and Pattern Recognition},
	title={A Papier-Mache Approach to Learning 3D Surface Generation},
	year={2018},
	pages={216{\textendash}224},
	doi={10.1109/CVPR.2018.00030}
}

@article{Watt1996,
	author = {Watt, Alan},
	title = {Rendering Techniques: Past, Present and Future},
	year = {1996},
	issue_date = {March 1996},
	publisher = {Association for Computing Machinery},
	address = {New York, NY, USA},
	volume = {28},
	number = {1},
	issn = {0360-0300},
	doi = {10.1145/234313.234380},
	journal = {ACM Comput. Surv.},
	month = {mar},
	pages = {157{\textendash}159},
	numpages = {3}
}

@inbook{Winslow2015,
	title={Classic Human Anatomy in Motion: The Artist's Guide to the Dynamics of Figure Drawing},
	author={Winslow, V.L.},
	isbn={9780770434144},
	lccn={2014027715},
	year={2015},
	publisher={Watson-Guptill Publications},
	pages={200{\textendash}214}
}

@article{Wu2019,
	title={PointConv: Deep Convolutional Networks on 3D Point Clouds},
	author={Wenxuan Wu and Zhongang Qi and Fuxin Li},
	journal={2019 IEEE/CVF Conference on Computer Vision and Pattern Recognition (CVPR)},
	year={2019},
	pages={9613{\textendash}9622}
}

@article{Xiao2020,
	author={Xiao, Yun-Peng
	and Lai, Yu-Kun
	and Zhang, Fang-Lue
	and Li, Chunpeng
	and Gao, Lin},
	title={A survey on deep geometry learning: From a representation perspective},
	journal={Computational Visual Media},
	year={2020},
	month={Jun},
	day={01},
	volume={6},
	number={2},
	pages={113{\textendash}133},
	issn={2096-0662},
	doi={10.1007/s41095-020-0174-8}
}

@article{Xie2022,
	title={Generative VoxelNet: Learning Energy-Based Models for 3D Shape Synthesis and Analysis},
	author={Jianwen Xie and Zilong Zheng and Ruiqi Gao and Wenguan Wang and Song-Chun Zhu and Ying Nian Wu},
	journal={IEEE Transactions on Pattern Analysis and Machine Intelligence},
	year={2022},
	volume={44},
	pages={2468{\textendash}2484}
}